@article{Lya92,
 title = "The general problem of the stability of motion",
 author = "A. M. Lyapunov",
 journal =  "International Journal of Control",
 year = "1992",
 volume = "55",
 number = "3",
 pages = "531--534",
}

@book{holler14,
  title = "From Machine-to-machine to the Internet of Things: Introduction to a New Age of Intelligence",
  author = "Holler, Jan and Tsiatsis, Vlasios and Mulligan, Catherine and Avesand, Stefan and Karnouskos, Stamatis and Boyle, David",
  year = "2014",
  publisher = "Academic Press",
}
